% !TEX root = sum1.tex
@article{caprara2010new,
  title={New techniques for cost sharing in combinatorial optimization games},
  author={Caprara, Alberto and Letchford, Adam N},
  journal={Mathematical programming},
  volume={124},
  number={1-2},
  pages={93--118},
  year={2010},
  publisher={Springer}
}

@article{liu2018simultaneous,
  title={Simultaneous penalization and subsidization for stabilizing grand cooperation},
  author={Liu, Lindong and Qi, Xiangtong and Xu, Zhou},
  journal={Operations Research},
  volume={66},
  number={5},
  pages={1362--1375},
  year={2018},
  publisher={INFORMS}
}

@article{schulz2010sharing,
  title={Sharing supermodular costs},
  author={Schulz, Andreas S and Uhan, Nelson A},
  journal={Operations research},
  volume={58},
  number={4-part-2},
  pages={1051--1056},
  year={2010},
  publisher={INFORMS}
}

@inproceedings{bachrach2009cost,
  title={The cost of stability in coalitional games},
  author={Bachrach, Yoram and Elkind, Edith and Meir, Reshef and Pasechnik, Dmitrii and Zuckerman, Michael and Rothe, J{\"o}rg and Rosenschein, Jeffrey S},
  booktitle={International Symposium on Algorithmic Game Theory},
  pages={122--134},
  year={2009},
  organization={Springer}
}

@article{bondareva1963some,
  title={Some applications of linear programming methods to the theory of cooperative games},
  author={Bondareva, Olga N},
  journal={Problemy kibernetiki},
  volume={10},
  pages={119--139},
  year={1963}
}

@article{cai2012coordination,
  title={Coordination of outsourced operations at a third-party facility subject to booking, overtime, and tardiness costs},
  author={Cai, Xiaoqiang and Vairaktarakis, George L},
  journal={Operations Research},
  volume={60},
  number={6},
  pages={1436--1450},
  year={2012},
  publisher={INFORMS}
}

@article{goemans2004cooperative,
  title={Cooperative facility location games},
  author={Goemans, Michel X and Skutella, Martin},
  journal={Journal of Algorithms},
  volume={50},
  number={2},
  pages={194--214},
  year={2004},
  publisher={Elsevier}
}

@article{aydinliyim2010coordination,
  title={Coordination of outsourced operations to minimize weighted flow time and capacity booking costs},
  author={Aydinliyim, Tolga and Vairaktarakis, George L},
  journal={Manufacturing \& Service Operations Management},
  volume={12},
  number={2},
  pages={236--255},
  year={2010},
  publisher={INFORMS}
}

@article{curiel1989sequencing,
  title={Sequencing games},
  author={Curiel, Imma and Pederzoli, Giorgio and Tijs, Stef},
  journal={European Journal of Operational Research},
  volume={40},
  number={3},
  pages={344--351},
  year={1989},
  publisher={Elsevier}
}

@article{jain2007cost,
  title={Cost sharing},
  author={Jain, Kamal and Mahdian, Mohammad},
  journal={Algorithmic game theory},
  volume={15},
  pages={385--410},
  year={2007},
  publisher={Cambridge Univ. Press}
}

@article{liu2009complexity,
  title={Complexity of core allocation for the bin packing game},
  author={Liu, Zhixin},
  journal={Operations research letters},
  volume={37},
  number={4},
  pages={225--229},
  year={2009},
  publisher={Elsevier}
}

@article{liu2016computing,
  title={Computing near-optimal stable cost allocations for cooperative games by Lagrangian relaxation},
  author={Liu, Lindong and Qi, Xiangtong and Xu, Zhou},
  journal={INFORMS Journal on Computing},
  volume={28},
  number={4},
  pages={687--702},
  year={2016},
  publisher={INFORMS}
}
